<?xml version="1.0" encoding="UTF-8"?><collection xmlns="http://www.loc.gov/MARC21/slim"><record><leader>00448nam--2200157-i-4500</leader><controlfield tag="001">000014898</controlfield><controlfield tag="002">20161230</controlfield><controlfield tag="005">20170208143030</controlfield><controlfield tag="008">060222s1000------------r-----000-0-eng-d</controlfield><datafield ind1=" " ind2=" " tag="100"><subfield code="a">Clark, George C</subfield></datafield><datafield ind1=" " ind2=" " tag="245"><subfield code="a">Tables of legendre polynomials pn(cos o) for n + o (1) 80 and o = o(l0) 180 grade</subfield></datafield><datafield ind1=" " ind2=" " tag="260"><subfield code="a">Michigan</subfield><subfield code="b">University</subfield><subfield code="c">1957</subfield></datafield><datafield ind1=" " ind2=" " tag="300"><subfield code="a">92 p</subfield></datafield><datafield ind1=" " ind2=" " tag="700"><subfield code="a">Churchill, Stuart W</subfield></datafield><datafield ind1=" " ind2=" " tag="852"><subfield code="a">519.66:512.622</subfield></datafield><datafield ind1=" " ind2=" " tag="CAT"><subfield code="a">SYS</subfield><subfield code="c">20170208</subfield><subfield code="h">143030</subfield></datafield></record></collection>